<?xml version="1.0" encoding="UTF-8"?><collection xmlns="http://www.loc.gov/MARC21/slim"><record><leader>00464nam--2200169-i-4500</leader><controlfield tag="001">000022717</controlfield><controlfield tag="002">20161230</controlfield><controlfield tag="005">20161230201034</controlfield><controlfield tag="008">060222s1000------------r-----000-0-eng-d</controlfield><datafield ind1=" " ind2=" " tag="040"><subfield code="a">IFIN-HH</subfield></datafield><datafield ind1=" " ind2=" " tag="080"><subfield code="a">539.193</subfield></datafield><datafield ind1="1" ind2=" " tag="100"><subfield code="a">Darwent, B. Deb</subfield></datafield><datafield ind1="1" ind2="0" tag="245"><subfield code="a">Bond dissociation energies in simple molecules</subfield><subfield code="c">B.deb. darwent</subfield></datafield><datafield ind1=" " ind2=" " tag="260"><subfield code="a">Washington, D.C</subfield><subfield code="b">National Bureau Of Standards</subfield><subfield code="c">1970</subfield></datafield><datafield ind1=" " ind2=" " tag="300"><subfield code="a">48P</subfield></datafield><datafield ind1=" " ind2=" " tag="852"><subfield code="a">33691</subfield><subfield code="c">539.19</subfield></datafield><datafield ind1=" " ind2=" " tag="CAT"><subfield code="a">Sys</subfield><subfield code="c">20120712</subfield><subfield code="h">170237</subfield></datafield></record></collection>